@book{logan2004applied,
    title     = {Applied Partial Differential Equations},
    author    = {Logan, J.D.},
    isbn      = {9780387209357},
    lccn      = {2004041692},
    series    = {Springer Undergraduate Texts in Mathematics and Technology},
    url       = {https://books.google.ie/books?id=zHvMVnzMYaMC},
    year      = {2004},
    publisher = {Springer New York}
}
