@book{fulford2002industrial,
    title     = {Industrial Mathematics: Case Studies in the Diffusion of Heat and Matter},
    author    = {Fulford, G.R. and Broadbridge, P.},
    isbn      = {9780521001816},
    lccn      = {00103526},
    series    = {Australian Mathematical Society Lecture Series},
    url       = {https://books.google.ie/books?id=KQUXfSyOU9EC},
    year      = {2002},
    publisher = {Cambridge University Press}
}
