@misc{wiki:nlc,
    author = "Wikipedia",
    title  = "Newton's law of cooling --- Wikipedia{,} The Free Encyclopedia",
    year   = "2017",
    url    = "\url{https://en.wikipedia.org/w/index.php?title=Newton%27s_law_of_cooling&oldid=769363661}",
    note   = "[Online; accessed 17-March-2017]"
}
