@book{crank1987free,
    title     = {Free and Moving Boundary Problems},
    author    = {Crank, J.},
    isbn      = {9780198533702},
    lccn      = {lc86028484},
    series    = {Oxford science publications},
    url       = {https://books.google.ie/books?id=wTB4AsVvQDsC},
    year      = {1987},
    publisher = {Clarendon Press}
}
