
@book{book1,
	author    = {Bollob\'{a}s, B\'{e}la},
	year      = {1985},
	title     = {Random Graphs},
	publisher = {Academic Press, London}
}

@article{article1,
	title   = {Estimating and understanding exponential random graph models},
	author  = {Chatterjee,Sourav and Diaconis,Persi},
	journal = {New Journal of Physics},
	volume  = {11},
	year    = {2013}
}

@article{article2,
	author  = {Garlaschelli, Diego},
	title   = {The weighted random graph model},
	journal = {Annals of Statistics},
	volume  = {41},
	year    = {2009}
}


