
@book{yoshiaki2011random,
	title     = {Random Sequential Packing Of Cubes},
	author    = {Yoshiaki, I. and Mathieu, D.S.},
	isbn      = {9789814464789},
	url       = {https://books.google.ie/books?id=Y7DFCgAAQBAJ},
	year      = {2011},
	pages     = {23--31},
	publisher = {World Scientific Publishing Company}
}

@book{krapivsky2010kinetic,
	title     = {A Kinetic View of Statistical Physics},
	author    = {Krapivsky, P.L. and Redner, S. and Ben-Naim, E.},
	isbn      = {9781139493345},
	url       = {https://books.google.ie/books?id=cc3pApnX3kYC},
	year      = {2010},
	pages     = {199--232},
	publisher = {Cambridge University Press}
}







@article{weiner1969elementary,
	title     = {Elementary Treatment of the Parking Problem},
	author    = {Howard Weiner},
	issn      = {0581572X},
	url       = {http://www.jstor.org/stable/25049616},
	year      = {1969},
	journal   = {Sankhy\={a}: The Indian Journal of Statistics, Series A (1961-2002)},
	number    = {4},
	pages     = {483--486},
	volume    = {31},
	publisher = {Springer}
}

@article{krapivsky1992kinetics,
	title     = {Kinetics of random sequential parking on a line},
	author    = {Krapivsky, P. L.},
	issn      = {1572-9613},
	doi       = {10.1007/BF01053786},
	url       = {https://doi.org/10.1007/BF01053786},
	year      = {1992},
	month     = {Oct},
	day       = {01},
	journal   = {Journal of Statistical Physics},
	number    = {1},
	pages     = {135--150},
	volume    = {69},
	publisher = {Springer}
}

@article{hassan2002jamming,
	title     = {Jamming coverage in competitive random sequential adsorption of a binary mixture},
	author    = {Hassan, M. Kamrul and Schmidt, J\"urgen and Blasius, Bernd and Kurths, J\"urgen},
	doi       = {10.1103/PhysRevE.65.045103},
	url       = {https://link.aps.org/doi/10.1103/PhysRevE.65.045103},
	year      = {2002},
	month     = {Apr},
	journal   = {Phys. Rev. E},
	pages     = {045103},
	numpages  = {4},
	volume    = {65},
	issue     = {4},
	publisher = {American Physical Society}
}

@article{krapivsky1994collective,
	title   = {{Collective properties of adsorption{-}desorption processes}},
	author  = {Krapivsky, P. L.  and Ben{-}Naim, E.},
	doi     = {10.1063/1.467037},
	url     = {https://doi.org/10.1063/1.467037},
	year    = {1994},
	journal = {The Journal of Chemical Physics},
	number  = {9},
	pages   = {6778--6782},
	volume  = {100},
	eprint  = {https://doi.org/10.1063/1.467037}
}

@article{roach2000parking,
	title     = {Parking Strategies for Genome Sequencing},
	author    = {Roach, Jared C. and Thorsson, Vesteinn and Siegel, Andrew F},
	issn      = {1088-9051},
	url       = {http://www.ncbi.nlm.nih.gov/pmc/articles/PMC310895},
	year      = {2000},
	journal   = {Genome Research},
	pages     = {1020--1030},
	volume    = {10},
	issue     = {7},
	publisher = {Cold Spring Harbor Laboratory Press}
}