
@book{book1,
  title={Mathematical Biology: I. An Introduction},
  author={Murray, J.D.},
  isbn={9780387952239},
  lccn={20120448},
  series={Interdisciplinary Applied Mathematics},
  year={2002},
  publisher={Springer New York}
}


@book{book2,
  title={Mathematical Models in Population Biology and Epidemiology},
  author={Brauer, F. and Castillo-Chavez, C.},
  isbn={9780387989020},
  lccn={00045033},
  series={Texts in Applied Mathematics},
  year={2012},
  publisher={Springer New York}
}
