@article{rppr,
	title  = {Renyi's Parking Problem Revisited},
	author = {Clay, Matthew P.},
	year   = {2014}
}

@article{etpp,
  title   = {Elementary Treatment of the Parking Problem},
  author  = {Weiner, Howard},
  journal = {The Indian Journal of Statistics},
  volume  = {31},
  number  = {4},
  pages   = {483--486},
  year    = {1969}
}
